@article{berczik2011high,
   title={High performance massively parallel direct N-body simulations on large GPU clusters},
   author={Berczik, P. and Nitadori, K. and Zhong, S. and Spurzem, R. and Hamada, T. and Wang, X. and Berentzen, I. and Veles, A. and Ge, W.},
   year={2011}
}
@InProceedings{Press86,
  author =     {{Press}, W. H.},
  title =     {Techniques and Tricks for $N$-body Computation},
  booktitle =     {The Use of Supercomputers in Stellar Dynamics},
  pages =     184,
  year =     1986,
  editor =     {{Hut}, P. and {McMillan}, S. L. W.},
  publisher =     {Springer-Verlag}
}
@ARTICLE{harfst2008,
   author = {{Harfst}, S. and {Gualandris}, A. and {Merritt}, D. and {Mikkola}, S.
    },
    title = "{A hybrid N-body code incorporating algorithmic regularization and post-Newtonian forces}",
  journal = mn,
archivePrefix = "arXiv",
   eprint = {0803.2310},
 keywords = {stellar dynamics , methods: N-body simulations , galaxy: centre},
     year = 2008,
    month = sep,
   volume = 389,
    pages = {2-12},
      doi = {10.1111/j.1365-2966.2008.13557.x},
   adsurl = {http://adsabs.harvard.edu/abs/2008MNRAS.389....2H},
  adsnote = {Provided by the SAO/NASA Astrophysics Data System}
}
@INPROCEEDINGS{hut2003,
   author = {{Hut}, P.},
    title = "{The Starlab Environment for Dense Stellar Systems}",
booktitle = {Astrophysical Supercomputing using Particle Simulations},
     year = 2003,
   series = {IAU Symposium},
   volume = 208,
   eprint = {arXiv:astro-ph/0204431},
   editor = {{Makino}, J. and {Hut}, P.},
    pages = {331},
   adsurl = {http://adsabs.harvard.edu/abs/2003IAUS..208..331H},
  adsnote = {Provided by the SAO/NASA Astrophysics Data System}
}
@BOOK{HeggieHut2003,
   author = {{Heggie}, D. and {Hut}, P.},
    title = "{The Gravitational Million-Body Problem: A Multidisciplinary Approach to Star Cluster Dynamics}",
booktitle = {The Gravitational Million-Body Problem: A Multidisciplinary Approach to Star Cluster Dynamics, by Douglas Heggie and Piet Hut.~ Cambridge University Press, 2003, 372 pp.},
     year = 2003,
    month = feb,
   adsurl = {http://adsabs.harvard.edu/abs/2003gmbp.book.....H},
  adsnote = {Provided by the SAO/NASA Astrophysics Data System}
}
@ARTICLE{portegies2001,
   author = {{Portegies Zwart}, S.~F. and {McMillan}, S.~L.~W. and {Hut}, P. and
    {Makino}, J.},
    title = "{Star cluster ecology - IV. Dissection of an open star cluster: photometry}",
  journal = mn,
   eprint = {arXiv:astro-ph/0005248},
 keywords = {BINARIES: CLOSE, BLUE STRAGGLERS, STARS: EVOLUTION, STARS: MASS-LOSS, OPEN CLUSTERS AND ASSOCIATIONS: GENERAL, binaries: close, blue stragglers, stars: evolution, stars: mass-loss, open clusters and associations: general},
     year = 2001,
    month = feb,
   volume = 321,
    pages = {199-226},
   adsurl = {http://adsabs.harvard.edu/abs/2001MNRAS.321..199P},
  adsnote = {Provided by the SAO/NASA Astrophysics Data System}
}

@ARTICLE{Belleman2008,
   author = {{Belleman}, R.~G. and {B{\'e}dorf}, J. and {Portegies Zwart}, S.~F.},
    title = "{High performance direct gravitational N-body simulations on graphics
             processing units II: An implementation in CUDA}",
  journal = na,
archivePrefix = "arXiv",
   eprint = {0707.0438},
     year = 2008,
    month = feb,
   volume = 13,
    pages = {103-112},
      doi = {10.1016/j.newast.2007.07.004},
   adsurl = {http://adsabs.harvard.edu/abs/2008NewA...13..103B},
  adsnote = {Provided by the SAO/NASA Astrophysics Data System}
}
@ARTICLE{Hamada2007,
   author = {{Hamada}, T. and {Iitaka}, T.},
    title = "{The Chamomile Scheme: An Optimized Algorithm for N-body simulations
              on Programmable Graphics Processing Units}",
  journal = na,
   eprint = {arXiv:astro-ph/0703100},
 keywords = {Astrophysics},
     year = 2007,
    month = mar,
   adsurl = {http://adsabs.harvard.edu/abs/2007astro.ph..3100H},
  adsnote = {Provided by the SAO/NASA Astrophysics Data System}
}
@ARTICLE{Portegies2007a,
   author = {{Portegies Zwart}, S.~F. and {Belleman}, R.~G. and {Geldof}, P.~M.
    },
    title = "{High-performance direct gravitational N-body simulations on graphics
              processing units}",
  journal = na,
   eprint = {arXiv:cs/0702135},
 keywords = {Computational modeling; simulation, Computer simulation of molecular
             and particle dynamics, Theory and modeling; computer simulation,
             Computer simulation, Mathematical procedures and computer techniques,
             Atomic and molecular data, spectra, and spectral parameters},
     year = 2007,
    month = nov,
   volume = 12,
    pages = {641-650},
      doi = {10.1016/j.newast.2007.05.004},
   adsurl = {http://adsabs.harvard.edu/abs/2007NewA...12..641P},
  adsnote = {Provided by the SAO/NASA Astrophysics Data System}
}
@ARTICLE{Capuzzo-DolcettaEtAl2013,
   author = {{Capuzzo-Dolcetta}, R. and {Spera}, M. and {Punzo}, D.},
    title = "{A fully parallel, high precision, N-body code running on hybrid computing platforms}",
  journal = {Journal of Computational Physics},
archivePrefix = "arXiv 1207.2367",
   eprint = {1207.2367},
 primaryClass = "astro-ph.IM",
     year = 2013,
    month = mar,
   volume = 236,
    pages = {580-593},
      doi = {10.1016/j.jcp.2012.11.013},
   adsurl = {http://adsabs.harvard.edu/abs/2013JCoPh.236..580C},
  adsnote = {Provided by the SAO/NASA Astrophysics Data System}
}
@ARTICLE{NitadoriAarseth2012,
   author = {{Nitadori}, K. and {Aarseth}, S.~J.},
    title = "{Accelerating NBODY6 with graphics processing units}",
  journal = mn,
archivePrefix = "arXiv",
   eprint = {1205.1222},
 primaryClass = "astro-ph.IM",
 keywords = {methods: numerical, globular clusters: general},
     year = 2012,
    month = jul,
   volume = 424,
    pages = {545-552},
      doi = {10.1111/j.1365-2966.2012.21227.x},
   adsurl = {http://adsabs.harvard.edu/abs/2012MNRAS.424..545N},
  adsnote = {Provided by the SAO/NASA Astrophysics Data System}
}
@ARTICLE{GRAPE6A,
   author = {{Fukushige}, T. and {Makino}, J. and {Kawai}, A.},
    title = "{GRAPE-6A: A Single-Card GRAPE-6 for Parallel PC-GRAPE Cluster Systems}",
  journal = pasj,
     year = 2005,
    month = dec,
   volume = 57,
    pages = {1009-1021},
   adsurl = {http://adsabs.harvard.edu/cgi-bin/nph-bib_query?bibcode=2005PASJ...57.1009F&db_key=AST},
  adsnote = {Provided by the Smithsonian/NASA Astrophysics Data System}
}
@ARTICLE{Makino98,
  author =     {{Makino}, J.},
  title =     {GRAPE-6},
  journal =     {Highlights in Astronomy},
  year =     1998,
  volume =     11,
  pages =     {597},
  opturl =
                  {http://cdsads.u-strasbg.fr/cgi-bin/nph-bib_query?bibcode=1998HiA....11..597M&db_key=AST},
  adsnote =     {Provided by the NASA Astrophysics Data System}
}
@BOOK{MT98,
    author = {{Makino}, J. and {Taiji}, M.},
    title = "{Scientific simulations with special-purpose computers : The GRAPE systems}",
publisher = {Scientific simulations with special-purpose computers : The GRAPE systems /by Junichiro Makino \& Makoto Taiji.~Chichester ; Toronto : John Wiley \& Sons, c1998.},
year = 1998,
adsurl = {http://adsabs.harvard.edu/cgi-bin/nph-bib_query?bibcode=1998sssp.book.....M&amp;db_key=AST},
adsnote = {Provided by the NASA Astrophysics Data System}
}
@INPROCEEDINGS{TMFES96,
  author =     {{Taiji}, M. and {Makino}, J. and {Fukushige}, T. and
                  {Ebisuzaki}, T. and {Sugimoto}, D.},
  title =     {GRAPE-4: A Teraflops Machine for N-Body Simulations},
  booktitle =     {IAU Symp. 174: Dynamical Evolution of Star Clusters:
                  Confrontation of Theory and Observations},
  editor =     {{Hut}, Piet and {Makino}, Junichiro},
  year =     1996,
  pages =     {141},
  opturl =
                  {http://cdsads.u-strasbg.fr/cgi-bin/nph-bib_query?bibcode=1996IAUS..174..141T&db_key=AST},
  adsnote =     {Provided by the NASA Astrophysics Data System}
}
@ARTICLE{PortegiesZwartEtAl01,
   author = {{Portegies Zwart}, S.~F. and {McMillan}, S.~L.~W. and {Hut}, P. and
        {Makino}, J.},
    title = "{Star cluster ecology - IV. Dissection of an open star cluster: photometry}",
  journal = mn,
   eprint = {arXiv:astro-ph/0005248},
 keywords = {BINARIES: CLOSE, BLUE STRAGGLERS, STARS: EVOLUTION, STARS: MASS-LOSS, OPEN CLUSTERS AND ASSOCIATIONS: GENERAL, binaries: close, blue stragglers, stars: evolution, stars: mass-loss, open clusters and associations: general},
     year = 2001,
    month = feb,
   volume = 321,
    pages = {199-226},
   adsurl = {http://adsabs.harvard.edu/abs/2001MNRAS.321..199P},
  adsnote = {Provided by the SAO/NASA Astrophysics Data System}
}
@BOOK{Aarseth03,
    author = {{Aarseth}, S.~J.},
    title = "{Gravitational N-Body Simulations}",
publisher = {ISBN 0521432723.~Cambridge, UK: Cambridge University Press, November 2003.},
year = 2003,
    month = nov,
   adsurl = {http://adsabs.harvard.edu/cgi-bin/nph-bib_query?bibcode=2003gnbs.book.....A&db_key=AST},
  adsnote = {Provided by the Smithsonian/NASA Astrophysics Data System}
}

@ARTICLE{BarnesHut86,
   author = {{Barnes}, J. and {Hut}, P.},
    title = "{A hierarchical O(N log N) force-calculation algorithm}",
  journal = nat,
 keywords = {COMPUTATIONAL ASTROPHYSICS, MANY BODY PROBLEM, NUMERICAL INTEGRATION, STELLAR MOTIONS, ALGORITHMS, HIERARCHIES},
     year = 1986,
    month = dec,
   volume = 324,
    pages = {446-449},
      doi = {10.1038/324446a0},
   adsurl = {http://adsabs.harvard.edu/abs/1986Natur.324..446B},
  adsnote = {Provided by the SAO/NASA Astrophysics Data System}
}


@phdthesis{GreendardThesis,
    author = {Leslie Greendard},
     title = {The rapid evaluation of potential fields in particles systems},
    school = {Yale University, New Haven, CT},
      year = {1987},
   journal = {MIT Press, Cambridge, MA, 1988},
}

@ARTICLE{Aarseth99,
   author = {{Aarseth}, S.~J.},
    title = "{From NBODY1 to NBODY6: The Growth of an Industry}",
  journal = {The Publications of the Astronomical Society of the Pacific},
     year = 1999,
    month = nov,
   volume = 111,
    pages = {1333-1346},
   adsurl = {http://adsabs.harvard.edu/cgi-bin/nph-bib_query?bibcode=1999PASP..111.1333A&db_key=AST},
  adsnote = {Provided by the Smithsonian/NASA Astrophysics Data System}
}

@ARTICLE{Spurzem1999,
   author = {{Spurzem}, R.},
    title = "{Direct N-body Simulations}",
  journal = {Journal of Computational and Applied Mathematics},
   eprint = {arXiv:astro-ph/9906154},
     year = 1999,
    month = sep,
   volume = 109,
    pages = {407-432},
   adsurl = {http://adsabs.harvard.edu/abs/1999JCoAM.109..407S},
  adsnote = {Provided by the SAO/NASA Astrophysics Data System}
}
